@ONLINE{
	applenumbers,
	booktitle = {www.apple.com},
  	title = "Apple Updates iOS to 6.1",
  	url = {http://www.apple.com/pr/library/2013/01/28Apple-Updates-iOS-to-6-1.html},
  	year = {2012}
}

@ONLINE{
	appstore,
	booktitle = {www.apple.com},
  	title = "App Store Downloads on iTunes",
  	url = {https://itunes.apple.com/gb/genre/ios/id36?mt=8},
  	year = {2013}
}

@ONLINE{
	playstore,
	booktitle = {www.google.com},
  	title = "Google Play Store",
  	url = {https://play.google.com/store},
  	year = {2013}
}

@ONLINE{
	checkmark,
	booktitle = {builtbysnowman.com},
  	title = "Checkmark - Fast and easy location & time-based reminders for iPhone",
  	url = {http://builtbysnowman.com},
  	year = {2012}
}

@ONLINE{
	tapone,
	booktitle = {tapone.ca},
  	title = "Geo-Reminders A Location-based Reminders App",
  	url = {http://tapone.ca/geo-reminders},
  	year = {2012}
}

@ONLINE{
	milwus,
	booktitle = {http://www.location-alarm.com},
  	title = "Milwus Location Alarm - best GPS location alarm app for iOS and Android",
  	url = {http://www.location-alarm.com},
  	year = {2012}
}

@ONLINE{
	delegates,
	booktitle = {developer.apple.com},
  	title = "Concepts in Objective-C Programming: Delegates and Data Sources",
  	url = {http://developer.apple.com/library/ios/#documentation/General/Conceptual/CocoaEncyclopedia/DelegatesandDataSources/DelegatesandDataSources.html},
  	year = {2012}
}

@ONLINE{
	textfielddelegate,
	booktitle = {developer.apple.com},
  	title = "UITextFieldDelegate Protocol Reference",
  	url = {http://developer.apple.com/library/ios/#documentation/uikit/reference/UITextFieldDelegate_Protocol/UITextFieldDelegate/UITextFieldDelegate.html},
  	year = {2008}
}

@ONLINE{
	textfielddelegate,
	booktitle = {developer.apple.com},
  	title = "UITextFieldDelegate Protocol Reference",
  	url = {http://developer.apple.com/library/ios/#documentation/uikit/reference/UITextFieldDelegate_Protocol/UITextFieldDelegate/UITextFieldDelegate.html},
  	year = {2008}
}

@ONLINE{
	devcenter,
	booktitle = {developer.apple.com},
  	title = "iOS Dev Center - Apple Developer",
  	url = {https://developer.apple.com/devcenter/ios/},
  	year = {2013}
}

@ONLINE{
	locationservices,
	booktitle = {apple.com},
  	title = "Staying on Track with Location Services",
  	author = "Jay Bruins",
  	url = {http://developer.apple.com/devcenter/download.action?path=/wwdc_2012/wwdc_2012_session_pdfs/session_303__staying_on_track_with_location_services.pdf},
  	year = {2012}
}

@ONLINE{
	storyboards,
	booktitle = {apple.com},
  	title = "Adopting Storyboards in Your App",
  	author = "Joshua Pennington",
  	url = {http://adcdownload.apple.com//wwdc_2012/wwdc_2012_session_pdfs/session_407__adopting_storyboards_in_your_app.pdf},
  	year = {2012}
}

@ONLINE{
	segue,
	booktitle = {apple.com},
  	title = "UIStoryboardSegue Class Reference",
  	url = {http://developer.apple.com/library/ios/#documentation/uikit/reference/UIStoryboardSegue_Class/Reference/Reference.html},
  	year = {2012}
}

@ONLINE{
	appearanceios,
	booktitle = {apple.com},
  	title = "Advanced Appearance Customization on iOS",
  	author = "Jacob Xiao",
  	url = {http://adcdownload.apple.com//wwdc_2012/wwdc_2012_session_pdfs/session_216__advanced_appearance_customization_on_ios.pdf},
  	year = {2012}
}


@ONLINE{
	mapkit,
	booktitle = {apple.com},
  	title = "Getting Around with Map Kit",
  	author = "Brady law",
  	url = {http://adcdownload.apple.com//wwdc_2012/wwdc_2012_session_pdfs/session_300__getting_around_using_map_kit.pdf},
  	year = {2012}
}

@ONLINE{
	nshipster,
	booktitle = {nshipster.com},
  	title = "UIAppearance",
  	author = "Mattt Thompson",
  	url = {http://nshipster.com/uiappearance/},
  	year = {2013}
}

@ONLINE{
	gist,
	booktitle = {gist.github.com},
  	title = "A list of methods and properties conforming to 'UIAppearance' as of iOS 6.1",
  	author = "Mattt Thompson",
  	url = {https://gist.github.com/mattt/5135521},
  	year = {2013}
}

@ONLINE{
	priorityqueue,
	booktitle = {cs.wisc.edu},
  	title = "Priority Queues",
  	url = {http://pages.cs.wisc.edu/~vernon/cs367/notes/11.PRIORITY-Q.html},
  	year = {2005}
}

@ONLINE{
	nscoding,
	booktitle = {developer.apple.com},
  	title = "NSCoding Protocol Reference",
  	url = {https://developer.apple.com/library/mac/#documentation/Cocoa/Reference/Foundation/Protocols/NSCoding_Protocol/Reference/Reference.html},
  	year = {2009}
}

@ONLINE{
	mvc,
	booktitle = {www.codinghorror.com},
  	title = "Understanding Model-View-Controller",
  	author = "Jeff Atwood",
  	url = {http://www.codinghorror.com/blog/2008/05/understanding-model-view-controller.html},
  	year = {2008}
}

@ONLINE{
	distanceapi,
	booktitle = {developers.google.com},
  	title = "The Google Distance Matrix API",
  	url = {https://developers.google.com/maps/documentation/distancematrix/},
  	year = {2008}
}

@ONLINE{
	ocunit,
	booktitle = {developer.apple.com},
  	title = "Xcode Unit Testing Guide: Setting Up Unit-Testing in a Project",
  	url = {https://developer.apple.com/library/ios/#documentation/DeveloperTools/Conceptual/UnitTesting/02-Setting_Up_Unit_Tests_in_a_Project/setting_up.html},
  	year = {2012}
}

@ONLINE{
	appreview,
	booktitle = {developer.apple.com},
  	title = "App Review Guidelines",
  	url = {https://developer.apple.com/appstore/guidelines.html},
  	year = {2013}
}

@ONLINE{
	classmate,
	booktitle = {itunes.apple.com},
  	title = "Class Mate - Location Aware Reminders",
  	url = {https://itunes.apple.com/gb/app/class-mate-location-aware/id612395230?mt=8},
  	year = {2013}
}

@ONLINE{
	json,
	booktitle = {samsoff.es},
  	title = "Updated iPhone JSON Benchmarks",
  	url = {http://samsoff.es/posts/updated-iphone-json-benchmarks},
  	year = {2010}
}

@ONLINE{
	geocodingapi,
	booktitle = {developers.google.com},
  	title = "The Google Geocoding API",
  	url = {https://developers.google.com/maps/documentation/geocoding},
  	year = {2013}
}

@ONLINE{
	placesapi,
	booktitle = {developers.google.com},
  	title = "Google Places API",
  	url = {https://developers.google.com/places/documentation/},
  	year = {2013}
}

@ONLINE{
	geofence,
	booktitle = {whatis.techtarget.com/},
  	title = "What is geofencing?",
  	url = {http://whatis.techtarget.com/definition/geofencing},
  	year = {2012}
}

@ONLINE{
	foursquare,
	booktitle = {developer.foursquare.com},
  	title = "Venues Platform",
  	url = {https://developer.foursquare.com/overview/venues},
  	year = {2013}
}

@ONLINE{
	nscoding,
	booktitle = {developer.apple.com},
  	title = "NSCoding Protocol Reference",
  	url = {https://developer.apple.com/library/mac/#documentation/Cocoa/Reference/Foundation/Protocols/NSCoding_Protocol/Reference/Reference.html},
  	year = {2009}
}

@ONLINE{
	mapview,
	booktitle = {developer.apple.com},
  	title = "MKMapView Class Reference",
  	url = {https://developer.apple.com/library/ios/#documentation/MapKit/Reference/MKMapView_Class/MKMapView/MKMapView.html#//apple_ref/doc/uid/TP40008205},
  	year = {2011}
}

@ONLINE{
	testflight,
	booktitle = {testflightapp.com},
  	title = "TestFlight - Beta Testing On The Fly",
  	url = {https://testflightapp.com},
  	year = {2013}
}

@ONLINE{
	crashlytics,
	booktitle = {try.crashlytics.com},
  	title = "Crashlytics",
  	url = {http://try.crashlytics.com},
  	year = {2013}
}

@ONLINE{
	raylewallen,
	booktitle = {codebetter.com},
  	title = "Software Development Life Cycle Models",
  	url = {http://codebetter.com/raymondlewallen/2005/07/13/software-development-life-cycle-models/},
  	year = {2005}
}

@ONLINE{
	github,
	booktitle = {github.com},
  	title = "GitHub - Build software better, together.",
  	url = {https://github.com},
  	year = {2013}
}

@ONLINE{
	urlscheme,
	booktitle = {http://iosdevelopertips.com},
  	title = "Launching Your iPhone App Via Custom URL Scheme",
  	url = {http://iosdevelopertips.com/cocoa/launching-your-own-application-via-a-custom-url-scheme.html},
  	year = {2008}
}

@ONLINE{
	urlscheme,
	booktitle = {http://iosdevelopertips.com},
  	title = "Launching Your iPhone App Via Custom URL Scheme",
  	url = {http://iosdevelopertips.com/cocoa/launching-your-own-application-via-a-custom-url-scheme.html},
  	year = {2008}
}

@ONLINE{
	objc2j,
	booktitle = {code.google.com},
  	title = "objc2j - Objective-C to Java translator",
  	url = {http://code.google.com/p/objc2j/},
  	year = {2013}
}